<?xml version="1.0" encoding="UTF-8"?><collection xmlns="http://www.loc.gov/MARC21/slim"><record><leader>00580nam--2200169-i-4500</leader><controlfield tag="001">000043205</controlfield><controlfield tag="002">20161230</controlfield><controlfield tag="005">20161230201043</controlfield><controlfield tag="008">060222s1000------------r-----000-0-eng-d</controlfield><datafield ind1=" " ind2=" " tag="040"><subfield code="a">IFIN-HH</subfield></datafield><datafield ind1=" " ind2=" " tag="080"><subfield code="a">539.124.143(043):539.12.04(043)</subfield></datafield><datafield ind1="1" ind2=" " tag="100"><subfield code="a">Strnisa, Fred V</subfield></datafield><datafield ind1="1" ind2="0" tag="245"><subfield code="a">Measurement of the sign of the g-tensor of impusity and radiation induced spin resonance centers in silicon and diamond</subfield><subfield code="b">Dissertation</subfield><subfield code="c">Fred v. strnisa</subfield></datafield><datafield ind1=" " ind2=" " tag="260"><subfield code="a">Ann Arbor, Michigan</subfield><subfield code="b">University Microfilms Co</subfield><subfield code="c">1972</subfield></datafield><datafield ind1=" " ind2=" " tag="300"><subfield code="a">VII+167P</subfield></datafield><datafield ind1=" " ind2=" " tag="852"><subfield code="a">42257</subfield><subfield code="c">539.2</subfield></datafield><datafield ind1=" " ind2=" " tag="CAT"><subfield code="a">Sys</subfield><subfield code="c">20121024</subfield><subfield code="h">132929</subfield></datafield></record></collection>